@article{alsabah2021robo,
  title={Robo-advising: Learning investors’ risk preferences via portfolio choices},
  author={Alsabah, H. and Capponi, A. and Ruiz Lacedelli, O. and Stern, M.},
  journal={Journal of Financial Econometrics},
  volume={19},
  pages={369--392},
  year={2021}
}

@article{capponi2022personalized,
  title={Personalized robo-advising: Enhancing investment through client interaction},
  author={Capponi, A. and Olafsson, S. and Zariphopoulou, T.},
  journal={Management Science},
  volume={68},
  pages={2485--2512},
  year={2022}
}

@article{carpenter2017development,
  title={The development of China’s stock market and stakes for the global economy},
  author={Carpenter, J. N. and Whitelaw, R. F.},
  journal={Annual Review of Financial Economics},
  volume={9},
  pages={233--257},
  year={2017}
}

@unpublished{chen2023expected,
  title={Expected returns and foundation models of language},
  author={Chen, Y. and Kelly, B. and Xiu, D.},
  note={SSRN Working Paper},
  year={2023}
}

@article{cong2022growing,
  title={Growing the efficient frontier on panel trees},
  author={Cong, L. W. and Feng, G. and He, J. and He, X.},
  journal={Journal of Financial Economics},
  year={2022}
}

@unpublished{cong2024a,
  title={Mosaics of predictability},
  author={Cong, L. W. and Feng, G. and He, J. and Wang, Y.},
  note={NBER Working Paper},
  year={2024}
}

@unpublished{cong2024b,
  title={Textual factors: A scalable, interpretable, and data-driven approach to analyzing unstructured information},
  author={Cong, L. W. and Liang, T. and Zhang, X. and Zhu, W.},
  note={NBER Working Paper},
  year={2024}
}

@unpublished{cong2019alpha,
  title={AlphaPortfolio: Direct construction through deep reinforcement learning and interpretable AI},
  author={Cong, L. W. and Tang, K. and Wang, J. and Zhang, Y.},
  note={SSRN Working Paper},
  year={2019}
}

@article{dacunto2019promises,
  title={The promises and pitfalls of robo-advising},
  author={D’Acunto, F. and Prabhala, N. and Rossi, A. G.},
  journal={The Review of Financial Studies},
  volume={32},
  pages={1983--2020},
  year={2019}
}

@unpublished{eisfeldt2023generative,
  title={Generative AI and firm values},
  author={Eisfeldt, A. and Schubert, G. and Taska, B. and Zhang, M.},
  note={SSRN Working Paper},
  year={2023}
}

@article{fama2016dissecting,
  title={Dissecting anomalies with a five-factor model},
  author={Fama, E. F. and French, K. R.},
  journal={The Review of Financial Studies},
  volume={29},
  pages={69--103},
  year={2016}
}

@article{gentzkow2019text,
  title={Text as data},
  author={Gentzkow, M. and Kelly, B. and Taddy, M.},
  journal={Journal of Economic Literature},
  volume={57},
  pages={535--574},
  year={2019}
}

@article{giglio2021thousands,
  title={Thousands of alpha tests},
  author={Giglio, S. and Liao, Y. and Xiu, D.},
  journal={The Review of Financial Studies},
  volume={34},
  pages={3456--3496},
  year={2021}
}

@article{gu2020empirical,
  title={Empirical asset pricing via machine learning},
  author={Gu, S. and Kelly, B. and Xiu, D.},
  journal={The Review of Financial Studies},
  volume={33},
  pages={2223--2273},
  year={2020}
}

@unpublished{jha2023chatgpt,
  title={ChatGPT and corporate policies},
  author={Jha, M. and Qian, J. and Weber, M. and Yang, B.},
  note={SSRN Working Paper},
  year={2023}
}

@article{jiang2022reimagining,
  title={(Re-)imag(in)ing price trends},
  author={Jiang, J. and Kelly, B. T. and Xiu, D.},
  journal={Journal of Finance},
  year={2022}
}

@unpublished{kelly2023financial,
  title={Financial machine learning},
  author={Kelly, B. and Xiu, D.},
  note={SSRN Working Paper},
  year={2023}
}

@unpublished{kelly2022virtue,
  title={The virtue of complexity in return prediction},
  author={Kelly, B. T. and Malamud, S. and Zhou, K.},
  note={Working Paper},
  year={2022}
}

@article{loughran2011liability,
  title={When is a liability not a liability? Textual analysis, dictionaries, and 10-Ks},
  author={Loughran, T. and McDonald, B.},
  journal={The Journal of Finance},
  volume={66},
  pages={35--65},
  year={2011}
}

@unpublished{sheng2024generative,
  title={Generative AI and asset management},
  author={Sheng, J. and Sun, Z. and Yang, B. and Zhang, A. L.},
  note={SSRN Working Paper},
  year={2024}
}
