@article{fang2023chatgpt,
  title={{ChatGPT}, {Generative AI}, {LLMs}, and {Investment Advisory}},
  author={Fang, Hui and Lu, Zhou and Li, Sixuan},
  journal={Available at SSRN 4480662},
  year={2023}
}

@article{loughran2011,
  title={When is a liability not a liability? {Textual} analysis, dictionaries, and 10-{Ks}},
  author={Loughran, Tim and McDonald, Bill},
  journal={The Journal of Finance},
  volume={66},
  number={1},
  pages={35--65},
  year={2011},
  publisher={Wiley Online Library}
}